<?xml version="1.0" encoding="UTF-8"?><collection xmlns="http://www.loc.gov/MARC21/slim"><record><leader>00373nam--2200133-i-4500</leader><controlfield tag="001">000032105</controlfield><controlfield tag="002">20161230</controlfield><controlfield tag="005">20161230201039</controlfield><controlfield tag="008">060222s1000------------r-----000-0-eng-d</controlfield><datafield ind1=" " ind2=" " tag="080"><subfield code="a">3(043):1(043)</subfield></datafield><datafield ind1=" " ind2=" " tag="100"><subfield code="a">Malelu, Sharad John</subfield></datafield><datafield ind1=" " ind2=" " tag="245"><subfield code="a">The anglo-indians: a problem in marginality</subfield></datafield><datafield ind1=" " ind2=" " tag="260"><subfield code="a">Ann Arbor, Michigan, University Microfilms, Inc. 1964. 121p</subfield></datafield><datafield ind1=" " ind2=" " tag="852"><subfield code="a">40576</subfield></datafield></record></collection>